972 784
560 21 814 67 15274.a.163
30 82 873 134 FEI LÜ BIN DE MIN ZU WEN HUA YU HUA QIAO TONG HUA WEN TI
71 156 288 203 CHEN (Liefu)
110 299 865 330 Feilübin de minzu wenhua yu huaqiao tonghua
107 331 828 369 wenti. [A study of the races and culture
113 372 796 402 of the Philippines and the assimilation
110 397 620 443 problem of resident Chinese.]
107 436 344 483 pp. 6, 4, 158.
762 429 880 474 21 cm.
105 500 659 547 Zhengzhong shuju: Taipei, 1968.
111 572 529 619 Feilübin yanjiu zhi yi.
