984 818
562 61 851 106 15221.a.118/1
95 77 740 122 FAN GONG, MIN ZHU, TUAN JIE, JIN BU: BEN BAO
98 116 779 154 CHUANG KAN ER SHI NIAN LAI YI XI LIE SHE LUN ZONG JI
95 165 444 210 TAIPEI. Lianhe bao.
126 305 825 347 Fangong, minzhu, tuanjie, jinbu: Benbao
139 340 943 381 chuangkan ershi nian lai yixilie shelun zongji.
141 381 904 423 [A collection of editorials on politics, re-
136 412 886 459 printed from the Lianhe bao. Published to
134 450 822 490 mark the newspaper's 20th anniversary.]
127 484 280 531 pp. 515.
798 485 902 522 20 cm.
131 557 577 594 Lianhe bao: Taipei, 1971.
132 625 879 666 Lianhe bao chuangkan ershi zhounian jinian
132 668 304 706 wenji, 1.
