960 796
566 37 871 90 15408.f.132 (2)
68 114 429 182 FA TIE YI WEN KAO BI
54 192 268 258 GU (Congyi)
85 312 882 355 Fa tie yi wen kao bi. [Reprint of a collection
86 354 879 394 of annotated inscriptions, edited by Gu Congyi
89 381 308 428 of the Ming.]
86 418 337 466 10 ch. 19 cm.
83 485 712 529 Shang wu yin shu guan: Taibei, 1975.
78 582 761 650 Si ku quan shu zhen ben liu ji, 132(2).
