984 797
591 60 823 107 15596.a.17
59 138 822 178 FANTASTICS AND ECCENTRICS IN CHINESE PAINTING
43 188 430 242 CAHILL (James Francis)
77 298 866 346 Fantastics and eccentrics in Chinese painting.
84 330 481 378 pp. 122; illus. 28 cm.
78 405 653 451 The Asia Society: New York, 1976.
74 469 908 528 Catalogue of an exhibition selected by J. Cahill,
77 510 898 559 and held at the Asia House Gallery, New York...
77 542 833 586 1967; Los Angeles...; and ... San Francisco.
82 580 912 633 Reprint of the ed. published by the Asia Society,
77 612 237 651 New York.
