984 798
560 44 846 81 15248.a.17/122
49 92 545 162 FEN LEI TONG XING GUANG ZHOU HUA
47 165 255 218 LIN (Yutang)
81 349 910 383 Fangyan zhuanhao. [Articles on Chinese dialects
85 384 825 422 by Lin Yutang and others. Reprinted from a
81 420 879 456 special issue (Vol. 8, nos. 85-7) of Guoli Zhong-
81 451 874 490 shan daxue yuyan lishi xue yanjiu suo zhoukan.
80 485 871 528 With a reprint of a monograph on Cantonese by
77 520 890 558 Tan Jigiang, entitled Fenlei tongxing Guangzhou
86 538 170 588 hua.]
73 587 270 626 pp. 120, 74.
736 588 840 627 20 cm.
83 645 698 690 Dongfang wenhua shuju: Taipei, 1974.
82 662 891 715 Guoli Beijing daxue Zhgguo minsu xuehui minsu
94 682 306 738 congshu, 122.
