952 792
568 49 871 106 15293.a.35/362
95 99 544 139 FENG JIN YI HE QUAN HUI LU
39 183 261 233 LAO (Naixuan)
71 316 815 371 Feng jin yi he quan hui lu. [Memorials and
66 364 825 403 imperial rescripts on the containment of the
71 396 400 444 Boxers. A reprint.]
83 436 322 474 70 pp. 22 cm.
80 492 731 541 Wen hai chu ban she: Taibei, [1977. ?].
68 580 911 628 Jin dai Zhong guo shi liao cong kan. Xu ji, 362.
