992 789
567 54 782 99 15671.c.1
79 100 697 139 FAN DONG DE "QI MENG DU WU" BI XU PI PAN
50 141 207 191 QIN (Hua)
82 244 902 304 Fandong de "Qi meng duwu" bixu pipan. [Essays
83 293 835 329 by Qin Hua and others criticising classical
93 331 858 366 vorks including the Qian zi wen, San zi jing
83 364 496 403 and Gailiang nuer jing.]
88 395 362 434 pp. 237. 19 cm.
87 460 625 499 Renmin chubanshe: Peking, 1975.
