1012 802
479 77 761 122 15293.a.35/235
122 122 434 185 FANG YING LOU JI SHI
118 227 331 247 WU (Zhiying)
145 357 940 394 Fangying lou jishi. [A collection of letters
159 403 869 423 by Lian Quan relating to the payment owed
154 434 860 472 by Li Jingmai in printing his father, Li
147 465 877 503 Hongzhang's collected works. Compiled by
149 500 889 538 Lian's wife, Wu Zhiying; and reproduced in
150 534 961 575 fascimile. With another collection of letters
153 572 860 611 relating to a lawsuit over a founding of
157 605 844 650 a school by Wu. The latter is entitled
157 658 806 676 Juyin andu huicun (1906). A reprint.]
153 700 383 720 pp. 106. port.
812 679 915 722 22 cm.
155 695 689 750 Wenhai Chubanshe: Taipei, 1975.
147 745 910 787 Jindai Zhongguo shiliao congkan. Xuji, 235.
