1008 791
598 53 881 99 15293.a.35/284
66 85 730 154 FENG JUN MEN CUI TING (ZI CAI) JUN DU HUI CUN
92 145 303 196 FENG (Zicai)
140 290 850 332 Feng junmen Cuiting (Zicai) jundu huicun.
146 328 865 370 Memorials and other military documents of
131 367 870 410 Feng Zicai, relating to the suppression of
134 405 925 450 the Taiping Rebellion. Compiled by Fang Deji,
135 439 809 482 with preface by Du Qimo dated 1877. A
131 469 271 511 reprint.]
131 507 267 547 2 vols.
751 509 865 547 22 cm.
135 573 672 618 Wenhai chubanshe: Taipei, 1976.
128 653 712 690 Jindai Zhongguo shiliao congkan.
714 655 886 701 Xuji, 284.
