984 819
554 116 812 162 15278.b.104
39 173 289 226 FEI ZHOU YAN JIU
38 252 449 290 PERIODICAL PUBLICATICNS
72 389 844 450 Feizhou yanjiu. African Studies. [Edited by
80 427 866 478 Guoli Zhengzhi daxue Feizhou yanjiu jihua and
69 460 838 514 Zhonghua minguo Feizhou yanjiu xiehui - The
73 497 862 553 Program of African Studies, National Chengchi
70 533 800 583 University and The Association of African
75 563 729 626 Studies, Republic of China. Annually.]
70 601 463 650 No. 1 (January 1972) -
67 668 325 714 Taipei, 1972 -
