980 791
537 105 776 152 15257.g.92
94 150 799 202 FANG ZHI RAN ZHU JI DE HUA XUE HE WU LI HUA XUE
89 243 359 298 WANG (Jingxian)
122 384 857 426 Fangzhi ranzhuji de huaxue he wuli huaxue.
138 424 815 463 [On chemistry and physical chemistry of
130 456 805 491 dyes. Translated from an unidentified
127 491 876 530 German work into Chinese by Wang Jingxian.]
130 525 257 570 pp. 210.
696 524 816 562 20 cm.
127 583 691 628 Jinwen shudian: Hong Kong, 1967.
