992 790
586 49 852 106 15235.cc.187
46 86 351 146 FA JI YAO SONG JING
52 181 373 234 WILLEMEN (Charles)
86 294 776 341 Dharmapada: a concordance to Udanavarga,
85 324 754 364 Dhammapada, and the Chinese Dharmapada
84 364 869 403 literature. [Followed by the text in Chinese
87 396 852 442 of the Fa-chi yao-sung ching, TT Honen bu IV
92 428 163 469 213.]
89 456 459 506 ff. 55, [25]. 26 cm.
84 529 865 577 Institut Belge des Hautes Etudes Bouddhiques:
84 565 375 607 Bruxelles, 1974.
79 624 645 674 Série "Etudes et Textes", no. 3.
