980 798
537 16 813 71 15221.a.118/2
30 38 544 84 FAN GONG, MIN ZHU TUAN JIE, JIN BU:
22 69 802 122 BEN BAO CHUANG KAN ER SHI NIAN LAI SHE LUN XUAN JI
64 113 530 191 TAIPEI. Lianhe bao.
95 260 773 307 Fangong, minzhu tuanjie, jinbu: Benbao
103 300 776 346 chuangkan ershi nian lai shelun xuanji.
107 329 769 378 [A collection of editorials on general
99 371 797 410 subjects, reprinted from the Lianhe bao.
98 400 773 451 Published to mark the newspaper's 20th
95 434 311 481 anniversary.]
97 468 246 521 pp. 479.
769 469 866 514 22 cm
88 531 539 587 Lianhe bao: Taipei, 1971.
90 601 866 658 Lianhe bao chubangkan er shi zhounian jinian
92 641 246 698 wenji, 2
