976 792
553 86 835 131 15293.a.29/515
57 99 772 158 FANG WANG XI (BAO) XIAN SHENG QUAN JI (NIAN PU
55 143 315 196 JI WAI WEN BU YI)
17 206 209 265 DAI (Junheng)
252 193 612 274 and
16 258 226 305 SU (Dunyuan)
48 379 767 426 Fang Wangxi (Bae) xiansheng quanji (nianpu,
53 416 737 457 jiwai wen buyi). [Biography of Fang Bao,
56 449 807 488 1668-1749, with a supplement to his collected
55 481 820 522 writings, and a list of works in chronological
55 516 364 562 order. A reprint.]
51 547 215 602 pps. 271.
50 613 579 651 Wenhai chubanshe: Taipei, 1966-
48 675 669 739 Jindai Zhongguo shiliao ngkan, 515.
